@INPROCEEDINGS{Haevermaet,
  AUTHOR       = "H. V. Haevermaet for the CMS Collaboration",
  TITLE        = "Measurement of the inelastic proton-proton cross section at $\sqrt(s) =$ 13 TeV",
  BOOKTITLE = "XXIV International Workshop on Deep-Inelastic Scattering and Related Subjects",
  YEAR         = "2016",
  PUBLISHER = "",
  NOTE = "",
  URL          = "https://arxiv.org/abs/1607.02033",
  eprint = "1607.02033",
  primaryClass = "hep-ex"
}
@Article{pixelCommissioning,
     author    = "S. Chatrchyan for the CMS Collaboration",
     collaboration = "CMS",
     title     = "The Commissioning and Performance of the {CMS} Pixel Tracker with Cosmic Ray Muons",
     journal   = "JINST",
     volume    = "5",
     year      = "2010",
     pages     = "T03007",
     doi       = "10.1088/1748-0221/5/03/T03007",
     SLACcitation  = "%%CITATION = JINST,5,T03007;%%"
}
